
@article{flather76,
   author = "R. A. Flather", 
   title = "A tidal model of the north-west {E}uropean continental shelf",
   journal = "Memoires de la Societe Royale des Sciences de Liege, Series 6",
   volume = "10",
   pages = "141--164",
   year = "1976"
}

@techreport{fog_instructions,
   title = "4. Instruction tables: Lists of instruction latencies, throughputs and micro-operation breakdowns for Intel, AMD and VIA CPUs.",
   author = "Agner Fog",
   institution = "Technical University of Denmark",
   pdf = "www.agner.org/optimize/instruction_tables.pdf",
   year = "2016"
}

@techreport{fog_microarch,
   title = "3. The microarchitecture of Intel, AMD and VIA CPUs: An optimization guide for assembly programmers and compiler makers.",
   author = "Agner Fog",
   institution = "Technical University of Denmark",
   pdf = "www.agner.org/optimize/microarchitecture.pdf",
   year = "2016"
}

@inproceedings{linpack,
  title = "The LINPACK Benchmark: An Explanation",
  author = "Jack Dongarra",
  booktitle = "Proceedings of ICS: Supercomputing, 1st International Conference",
  editor = "Houstis, Elias N and Papatheodorou, Theodore S and Polychronopoulos, Constantine D",
  publisher = "Springer",
  pages = "456-474",
  year = "1987" 
}

@techreport{nemo,
   author = "Gurvan Madec",
   title =  "NEMO ocean engine (Draft edition r6039)",
   series = "Note du Pôle de modélisation",
   institution = "Institut Pierre-Simon Laplace (IPSL), France",
   number = 27,
   ISSN = "1288-1619",
   year = "2014"
}

@manual{openmp_standard,
   title = "OpenMP Application Program Interface",
   version = "4.0",
   howpublished = "http://www.openmp.org",
   year = "2013"
}

@incollection{para_pearls,
   author = "Cedric Andreolli and Philippe Thierry and Leonardo Borges and Gregg Skinner and Chuck Yount",
   title = "Characterization and Optimization Methodology Applied to Stencil Computations",
   editor = "James Reinders and James Jeffers",
   booktitle = "High Performance Parallelism Pearls Volume One: Multicore and Many-core Programming Approaches",
   chapter = "23",
   pages = "377--396",
   publisher = "Elsevier",
   year = "2015"
}

@article{roofline,
   author = "S. Williams and  A.  Waterman  and  D.  Patterson",
   title = "Roofline:  an  insightful visual performance model for multicore architectures.",
   journal = "Commun. ACM",
   volume = "52",
   pages = "65--76",
   year = "2009"
}

@article{sadourny75,
   author = "Robert Sadourny",
   title  = "The {D}ynamics of {F}inite-{D}ifference {M}odels of the {S}hallow-{W}ater {E}quations",
   year   = "1975",
   journal= "Journal of the {A}tmospheric {S}ciences",
   volume = "32",
   number = "4",
   pages =  "680--689"
}

@inproceedings{shallow_psykal,
   author = "A. R. Porter and R. W. Ford and M. Ashworth and G. D. Riley and M. Modani",
   title  = "Towards Compiler-Agnostic Performance in Finite-Difference Codes",
   booktitle = "Parallel Computing: On the Road to Exascale",
   editor = "Gerhard R. Joubert and Hugh Leather and Mark Parsons and Frans Peters and Mark Sawyer",
   volume = "27",
   pages = {647--658},
   publisher = "IOS Press",
   address = "Amsterdam, New York, Tokyo",
   year = "2016"
}

@article{stream,
  author = {John D. McCalpin},
  title = {Memory Bandwidth and Machine Balance in Current High Performance
	Computers},
  journal = {IEEE Computer Society Technical Committee on Computer Architecture
	(TCCA) Newsletter},
  year = {1995},
  pages = {19--25},
  month = dec,
  pdf = {http://tab.computer.org/tcca/NEWS/DEC95/dec95_mccalpin.ps}
}

@electronic{top500,
   title = "The {T}op 500 {L}ist",
   url = "http://www.top500.org/",
   month = "June",
   year = "2016"
}

@article{GungHo,
   author = "Rupert W. Ford and Maff J. Glover and David A. Ham and Chris M. Maynard and Stephen M. Pickles and Graham D. Riley and Nigel Wood",
   title  = "Gung Ho: A code design for weather and climate prediction on exascale machines",
   year   = "Accepted for publication, 2015",
   journal= "Journal of Advances in Engineering Software",
   publisher = "Pergamon"
}

@inproceedings{PYOP2,
 author = {Rathgeber, F. and Markall, G.~R. and Mitchell, L. and Loriant, N. and Ham, D. A. and Bertolli, C. and Kelly, P. H. J.},
 title = {PyOP2: A High-Level Framework for Performance-Portable Simulations on Unstructured Meshes},
 booktitle = {Proceedings of the 2012 SC Companion: High Performance Computing, Networking Storage and Analysis},
 series = {SCC '12},
 year = {2012},
 isbn = {978-0-7695-4956-9},
 pages = {1116--1123},
 numpages = {8},
 url = {http://dx.doi.org/10.1109/SC.Companion.2012.134},
 doi = {10.1109/SC.Companion.2012.134},
 acmid = {2476885},
 publisher = {IEEE Computer Society},
 address = {Washington, DC, USA},
 keywords = {domain-specific languages, high-level frameworks, finite-element methods, generative metaprogramming, code generation, performance portability, just-in-time compilation},
} 

@book{fenics,
  title = {Automated Solution of Differential Equations by the Finite Element Method},
  author = {Anders Logg and Kent-Andre Mardal and Garth N. Wells and others},
  year = {2012},
  publisher = {Springer},
  doi = {10.1007/978-3-642-23099-8},
  isbn = {978-3-642-23098-1},
}

@article{ firedrake,
  title = {Firedrake: automating the finite element method by composing abstractions},
  author = {Rathgeber, Florian and Ham, David A and Mitchell, Lawrence and Lange, Michael and Luporini, Fabio and McRae, Andrew TT and Bercea, Gheorghe-Teodor and Markall, Graham R and Kelly, Paul HJ},
  archiveprefix = {arXiv},
  journal = {Submitted to ACM TOMS},
  eprint = {1501.01809},
  year = {2015},
  url = {http://arxiv.org/abs/1501.01809}
}

%editor={Alexander, Michael and D’Ambra, Pasqua and Belloum, Adam and Bosilca, George and Cannataro, Mario and Danelutto, Marco and Di Martino, Beniamino and Gerndt, Michael and Jeannot, Emmanuel and Namyst, Raymond and Roman, Jean and Scott, StephenL. and Traff, JesperLarsson and Vallée, Geoffroy and Weidendorfer, Josef},
@incollection{OP2,
year={2012},
isbn={978-3-642-29736-6},
booktitle={Euro-Par 2011: Parallel Processing Workshops},
volume={7155},
series={Lecture Notes in Computer Science},
editor={Alexander, Michael et al.},
doi={10.1007/978-3-642-29737-3_22},
title={Design and Performance of the OP2 Library for Unstructured Mesh Applications},
url={http://dx.doi.org/10.1007/978-3-642-29737-3_22},
publisher={Springer Berlin Heidelberg},
author={Bertolli, Carlo and Betts, Adam and Mudalige, Gihan and Giles, Mike and Kelly, Paul},
pages={191-200},
language={English}
}

@ARTICLE{coffee,
   author = {{Luporini}, F. and {Varbanescu}, A.~L. and {Rathgeber}, F. and 
        {Bercea}, G.-T. and {Ramanujam}, J. and {Ham}, D.~A. and {Kelly}, P.~H.~J.
        },
    title = "{COFFEE: an Optimizing Compiler for Finite Element Local Assembly}",
  journal = {ArXiv e-prints},
archivePrefix = "arXiv",
   eprint = {1407.0904},
 primaryClass = "cs.MS",
 keywords = {Computer Science - Mathematical Software, Computer Science - Computational Engineering, Finance, and Science, Computer Science - Performance, G.1.8, G.4},
     year = 2014,
    month = jul,
   adsurl = {http://adsabs.harvard.edu/abs/2014arXiv1407.0904L},
  adsnote = {Provided by the SAO/NASA Astrophysics Data System}
}
