@article{sadourny75,
   author = "Robert Sadourny",
   title  = "The {D}ynamics of {F}inite-{D}ifference {M}odels of the {S}hallow-{W}ater {E}quations",
   year   = "1975",
   journal= "Journal of the {A}tmospheric {S}ciences",
   volume = "32",
   number = "4",
   pages =  "680--689"
}