@techreport{nemo,
   author = "Gurvan Madec",
   title =  "NEMO ocean engine (Draft edition r6039)",
   series = "Note du Pôle de modélisation",
   institution = "Institut Pierre-Simon Laplace (IPSL), France",
   number = 27,
   ISSN = "1288-1619",
   year = "2014"
}

@article{sadourny75,
   author = "Robert Sadourny",
   title  = "The {D}ynamics of {F}inite-{D}ifference {M}odels of the {S}hallow-{W}ater {E}quations",
   year   = "1975",
   journal= "Journal of the {A}tmospheric {S}ciences",
   volume = "32",
   number = "4",
   pages =  "680--689"
}

@inproceedings{shallow_psykal,
   author = "A. R. Porter and R. W. Ford and M. Ashworth and G. D. Riley and M. Modani",
   title  = "Towards Compiler-Agnostic Performance in Finite-Difference Codes",
   booktitle = "Parallel Computing: XXX",
   editor = "XXX and F. Peters",
   volume = "xx",
   publisher = "IOS Press",
   address = "Amsterdam, New York, Tokyo",
   year = "2016"
}

@electronic{top500,
   title = "The {T}op 500 {L}ist",
   url = "http://www.top500.org/",
   month = "November",
   year = "2014"
}

@manual{openmp_standard,
   title = "OpenMP Application Program Interface",
   version = "4.0",
   howpublished = "http://www.openmp.org",
   year = "2013"
}

@article{flather76,
   author = "R. A. Flather", 
   title = "A tidal model of the north-west {E}uropean continental shelf",
   journal = "Memoires de la Societe Royale des Sciences de Liege, Series 6",
   volume = "10",
   pages = "141--164",
   year = "1976"
}

@incollection{para_pearls,
   author = "Cedric Andreolli and Philippe Thierry and Leonardo Borges and Gregg Skinner and Chuck Yount",
   title = "Characterization and Optimization Methodology Applied to Stencil Computations",
   editor = "James Reinders and James Jeffers",
   booktitle = "High Performance Parallelism Pearls Volume One: Multicore and Many-core Programming Approaches",
   chapter = "23",
   pages = "377--396",
   publisher = "Elsevier",
   year = "2015"
}

@article{roofline,
   author = "S. Williams and  A.  Waterman  and  D.  Patterson",
   title = "Roofline:  an  insightful visual performance model for multicore architectures.",
   journal = "Commun. ACM",
   volume = "52",
   pages = "65--76",
   year = "2009"
}

@article{stream,
  author = {John D. McCalpin},
  title = {Memory Bandwidth and Machine Balance in Current High Performance
	Computers},
  journal = {IEEE Computer Society Technical Committee on Computer Architecture
	(TCCA) Newsletter},
  year = {1995},
  pages = {19--25},
  month = dec,
  pdf = {http://tab.computer.org/tcca/NEWS/DEC95/dec95_mccalpin.ps}
}

@inproceedings{linpack,
  title = "The LINPACK Benchmark: An Explanation",
  author = "Jack Dongarra",
  booktitle = "Proceedings of ICS: Supercomputing, 1st International Conference",
  editor = "Houstis, Elias N and Papatheodorou, Theodore S and Polychronopoulos, Constantine D",
  publisher = "Springer",
  pages = "456-474",
  year = "1987" 
}