@article{sadourny75,
   author = "Robert Sadourny",
   title  = "The {D}ynamics of {F}inite-{D}ifference {M}odels of the {S}hallow-{W}ater {E}quations",
   year   = "1975",
   journal= "Journal of the {A}tmospheric {S}ciences",
   volume = "32",
   number = "4",
   pages =  "680--689"
}

@article{shallow_psykal,
   author = "A. R. Porter and R. W. Ford and G. D. Riley",
   title  = "Towards Compiler-Agnostic Performance (TBC)",
   journal = "Journal of {S}omething",
   volume = "1",
   number = "1",
   pages = "1--2"
}

@electronic{top500,
   title = "The {T}op 500 {L}ist",
   url = "http://www.top500.org/",
   month = "November",
   year = "2014"
}